<?xml version="1.0" encoding="UTF-8"?><collection xmlns="http://www.loc.gov/MARC21/slim"><record><leader>00377nam--2200121-i-4500</leader><controlfield tag="001">000022766</controlfield><controlfield tag="002">20161230</controlfield><controlfield tag="005">20161230201034</controlfield><controlfield tag="008">060222s1000------------r-----000-0-eng-d</controlfield><datafield ind1=" " ind2=" " tag="080"><subfield code="a">621.039.519</subfield></datafield><datafield ind1=" " ind2=" " tag="245"><subfield code="a">Evaluation des methodes de mesure du taux de capture de l`uranium 238 dans des spectres intermediaires de durete variable</subfield></datafield><datafield ind1=" " ind2=" " tag="260"><subfield code="a">Mol, C.E.N., 1968. 175p</subfield></datafield><datafield ind1=" " ind2=" " tag="852"><subfield code="a">29052</subfield></datafield></record></collection>